@Article{Andersson2018,
	Author = {Joel A E Andersson and Joris Gillis and Greg Horn
	and James B Rawlings and Moritz Diehl},
	Title = {{CasADi} -- {A} software framework for nonlinear optimization
	and optimal control},
	Journal = {Mathematical Programming Computation},
	Year = {2018},
}



@misc{hsl,
	Author={HSL},
	title = {A collection of Fortran codes for large scale scientific
	computation.},
	Year = {2013},
	url = {http://www.hsl.rl.ac.uk},
}

@book{doi:10.1137/1.9780898719383,
	author = {Biegler, Lorenz T.},
	title = {Nonlinear Programming},
	publisher = {Society for Industrial and Applied Mathematics},
	year = {2010},
	doi = {10.1137/1.9780898719383},
	address = {},
	edition   = {},
	URL = {https://epubs.siam.org/doi/abs/10.1137/1.9780898719383},
	eprint = {https://epubs.siam.org/doi/pdf/10.1137/1.9780898719383}
}

@INPROCEEDINGS{TVCDrone,
	author={Linsen, Raphaël and Listov, Petr and de Lajarte, Albéric and Schwan, Roland and Jones, Colin N.},
	booktitle={2022 International Conference on Robotics and Automation (ICRA)}, 
	title={Optimal Thrust Vector Control of an Electric Small-Scale Rocket Prototype}, 
	year={2022},
	volume={},
	number={},
	pages={1996-2002},
	keywords={Rockets;Trajectory tracking;Prototypes;Optimal control;Prediction algorithms;Real-time systems;Hardware},
	doi={10.1109/ICRA46639.2022.9811938}}